@inproceedings{laine2013wavefront,
    title = {Megakernels considered harmful: wavefront path tracing on GPUs},
    author = {Laine, Samuli and Karras, Tero and Aila, Timo},
    year = {2013},
    url = {https://doi.org/10.1145/2492045.2492060},
}

@inproceedings{amanatides1987fast,
    title={A fast voxel traversal algorithm for ray tracing.},
    author={Amanatides, John and Woo, Andrew and others},
    year={1987}
}

@inproceedings{laine2010svo,
    title = {Efficient sparse voxel octrees},
    author = {Laine, Samuli and Karras, Tero},
    year = {2010},
    url = {https://doi.org/10.1145/1730804.1730814},
}

@mastersthesis{van2015brickmap,
    title={Real-time ray tracing and editing of large voxel scenes},
    author={van Wingerden, TL},
    year={2015}
}
